

@Misc{Data,
  author       = {StatsNZ},
  howpublished = {Webpage},
  title        = {Modelled lake water quality â€“ published April 2020},
  year         = {2020},
  url          = {https://www.stats.govt.nz/indicators/modelled-lake-water-quality/},
}

@Misc{Data1,
  author       = {Ministry for the Environment},
  howpublished = {Webpage},
  title        = {Modelled lake water quality, 2013-2017},
  url          = {https://data.mfe.govt.nz/table/104560-modelled-lake-water-quality-2013-2017/?mt=Streets&l=53481&lpw=650&cv=0&z=6&c=-43.53330,172.63330&e=0&al=m},
}

@Misc{LakeStrat,
  author       = {Wikipedia},
  howpublished = {Webpage},
  title        = {Lake stratification},
  year         = {2022},
  url          = {https://en.wikipedia.org/wiki/Lake_stratification},
}

@Misc{LakePoly,
  author       = {Wikipedia},
  howpublished = {Webpage},
  title        = {Polymictic lake},
  year         = {2022},
  url          = {https://en.wikipedia.org/wiki/Polymictic_lake},
}

@Misc{Phos,
  author       = {USGS, Water Science School},
  howpublished = {Webpage},
  month        = jun,
  title        = {Phosphorus},
  year         = {2018},
  url          = {https://www.usgs.gov/special-topics/water-science-school/science/phosphorus-and-water#:~:text=Phosphorus is an essential element,nutrients},
}

@Misc{Nitrogen,
  author       = {USGS, Water Science School},
  howpublished = {Webpage},
  month        = may,
  title        = {Nitrogen and Water},
  year         = {2018},
  url          = {https://www.usgs.gov/special-topics/water-science-school/science/nitrogen-and-water#:~:text=Excess nitrogen can harm water,block light to deeper waters},
}

@Misc{Chloro,
  author       = {Lorin Martin},
  howpublished = {https://sciencing.com/what-are-the-roles-of-chlorophyll-a-b-12526386.html},
  month        = jun,
  title        = {What Are Roles of Chlorophyll A & B},
  year         = {2019},
  url          = {https://www.epa.gov/national-aquatic-resource-surveys/indicators-chlorophyll},
}

@Misc{Chloro2,
  author       = {EPA, National Aquatic Services},
  howpublished = {Webpage},
  title        = {Indicators: chlorophyll a},
  url          = {https://www.epa.gov/national-aquatic-resource-surveys/indicators-chlorophyll},
}

@Misc{Waikato,
  author       = {Stuff, Ellen O'Dwyer},
  howpublished = {Webpage},
  title        = {The Last Lake: Waikato lakes among most polluted in the world - scientist},
  year         = {2020},
  url          = {https://www.stuff.co.nz/national/123075186/the-last-lake-waikato-lakes-among-most-polluted-in-the-world--scientist},
}

@Comment{jabref-meta: databaseType:bibtex;}
