@Misc{Trophic,
  author       = {Burns, N, Bryers, G & Bowen, E (2000).},
  howpublished = {http://www.mfe.govt.nz/},
  title        = {Protocol for monitoring trophic levels oflevels and reservoirs},
  year         = {2000},
  url          = {http://www.mfe.govt.nz/},
}

@Misc{Data,
  author       = {StatsNZ},
  howpublished = {https://www.stats.govt.nz/indicators/lake-water-quality},
  title        = {Lake water quality},
  year         = {2022},
  url          = {https://www.stats.govt.nz/indicators/lake-water-quality},
}

@Misc{Data1,
  author       = {Ministry for the Environment},
  howpublished = {https://data.mfe.govt.nz/table/104560-modelled-lake-water-quality-2013-2017/?mt=Streets&l=53481&lpw=650&cv=0&z=6&c=-43.53330%2C172.63330&e=0&al=m},
  title        = {Modelled lake water quality, 2013-2017},
  url          = {https://data.mfe.govt.nz/table/104560-modelled-lake-water-quality-2013-2017/?mt=Streets&l=53481&lpw=650&cv=0&z=6&c=-43.53330,172.63330&e=0&al=m},
}

@Misc{LakeStrat,
  author       = {Wikipedia},
  howpublished = {https://en.wikipedia.org/wiki/Lake_stratification},
  title        = {Lake stratification},
  year         = {2022},
  url          = {https://en.wikipedia.org/wiki/Lake_stratification},
}

@Misc{LakePoly,
  author       = {Wikipedia},
  howpublished = {https://en.wikipedia.org/wiki/Polymictic_lake},
  title        = {Polymictic lake},
  year         = {2022},
  url          = {https://en.wikipedia.org/wiki/Polymictic_lake},
}

@Misc{Phos,
  author       = {USGS, Water Science School},
  howpublished = {https://www.usgs.gov/special-topics/water-science-school/science/phosphorus-and-water#:~:text=Phosphorus%20is%20an%20essential%20element,nutrients},
  month        = jun,
  title        = {Phosphorus},
  year         = {2018},
  url          = {https://www.usgs.gov/special-topics/water-science-school/science/phosphorus-and-water#:~:text=Phosphorus is an essential element,nutrients},
}

@Misc{Nitrogen,
  author       = {USGS, Water Science School},
  howpublished = {https://www.usgs.gov/special-topics/water-science-school/science/nitrogen-and-water#:~:text=Excess%20nitrogen%20can%20harm%20water,block%20light%20to%20deeper%20waters},
  month        = may,
  title        = {Nitrogen and Water},
  year         = {2018},
  url          = {https://www.usgs.gov/special-topics/water-science-school/science/nitrogen-and-water#:~:text=Excess nitrogen can harm water,block light to deeper waters},
}

@Misc{Chloro,
  author       = {Lorin Martin},
  howpublished = {https://sciencing.com/what-are-the-roles-of-chlorophyll-a-b-12526386.html},
  month        = jun,
  title        = {What Are Roles of Chlorophyll A & B},
  year         = {2019},
  url          = {https://www.epa.gov/national-aquatic-resource-surveys/indicators-chlorophyll},
}

@Misc{Chloro2,
  author       = {EPA, National Aquatic Services},
  howpublished = {https://www.epa.gov/national-aquatic-resource-surveys/indicators-chlorophyll},
  title        = {Indicators: chlorophyll a},
  url          = {https://www.epa.gov/national-aquatic-resource-surveys/indicators-chlorophyll},
}

@Comment{jabref-meta: databaseType:bibtex;}
